<?xml version="1.0" encoding="UTF-8"?><collection xmlns="http://www.loc.gov/MARC21/slim"><record><leader>00385nam--2200133-i-4500</leader><controlfield tag="001">000021511</controlfield><controlfield tag="002">20161230</controlfield><controlfield tag="005">20161230201034</controlfield><controlfield tag="008">060222s1000------------r-----000-0-eng-d</controlfield><datafield ind1=" " ind2=" " tag="100"><subfield code="a">Gilliland, E.R. And Robinson, C.S</subfield></datafield><datafield ind1=" " ind2=" " tag="245"><subfield code="a">Elements of fractional distillation</subfield></datafield><datafield ind1=" " ind2=" " tag="260"><subfield code="a">New York, Mcgraw-hill, 1950. Ix+492p</subfield></datafield><datafield ind1=" " ind2=" " tag="490"><subfield code="a">Mcgraw-hill Series In Chemical Engineering</subfield></datafield><datafield ind1=" " ind2=" " tag="852"><subfield code="a">13444</subfield></datafield></record></collection>